@article{barnes_aiapy_2020,
  title = {Aiapy: {{A Python Package}} for {{Analyzing Solar EUV Image Data}} from {{AIA}}},
  shorttitle = {Aiapy},
  author = {Barnes, Will and Cheung, Mark and Bobra, Monica and Boerner, Paul and Chintzoglou, Georgios and Leonard, Drew and Mumford, Stuart and Padmanabhan, Nicholas and Shih, Albert and Shirman, Nina and Stansby, David and Wright, Paul},
  year = {2020},
  month = nov,
  journal = {JOSS},
  volume = {5},
  pages = {2801},
  doi = {10.21105/joss.02801},
  url = {http://adsabs.harvard.edu/abs/2020JOSS....5.2801B},
  urldate = {2021-01-14},
  copyright = {All rights reserved}
}

@article{barnes_understanding_2021,
  title = {Understanding {{Heating}} in {{Active Region Cores}} through {{Machine Learning}}. {{II}}. {{Classifying Observations}}},
  author = {Barnes, W. T. and Bradshaw, S. J. and Viall, N. M.},
  year = {2021},
  month = oct,
  journal = {ApJ},
  volume = {919},
  pages = {132},
  issn = {0004-637X},
  doi = {10.3847/1538-4357/ac1514},
  url = {https://ui.adsabs.harvard.edu/abs/2021ApJ...919..132B},
  urldate = {2021-12-13},
  copyright = {All rights reserved},
  annotation = {ADS Bibcode: 2021ApJ...919..132B}
}

@article{cargill_implications_1994,
  title = {Some Implications of the Nanoflare Concept},
  author = {Cargill, Peter J.},
  year = {1994},
  month = feb,
  journal = {ApJ},
  volume = {422},
  pages = {381--393},
  issn = {0004-637X},
  doi = {10.1086/173733},
  url = {http://adsabs.harvard.edu/abs/1994ApJ...422..381C},
  urldate = {2015-01-18}
}

@article{del_zanna_evolution_2015,
  title = {The Evolution of the Emission Measure Distribution in the Core of an Active Region},
  author = {Del Zanna, Giulio and Tripathi, Durgesh and Mason, Helen and Subramanian, Srividya and O'Dwyer, Brendan},
  year = {2015},
  month = jan,
  journal = {A\&A},
  volume = {573},
  pages = {A104},
  publisher = {EDP Sciences},
  issn = {0004-6361, 1432-0746},
  doi = {10.1051/0004-6361/201424561},
  url = {https://www.aanda.org/articles/aa/abs/2015/01/aa24561-14/aa24561-14.html},
  urldate = {2023-05-23},
  copyright = {{\copyright} ESO, 2015},
  langid = {english}
}

@article{hannah_differential_2012,
  title = {Differential Emission Measures from the Regularized Inversion of {{Hinode}} and {{SDO}} Data},
  author = {Hannah, I. G. and Kontar, E. P.},
  year = {2012},
  month = mar,
  journal = {A\&A},
  volume = {539},
  pages = {A146},
  issn = {0004-6361},
  doi = {10.1051/0004-6361/201117576},
  url = {http://adsabs.harvard.edu/abs/2012A%26A...539A.146H},
  urldate = {2016-10-20}
}

@article{jordan_structure_1975,
  title = {The {{Structure}} of {{Solar Active Regions}} from {{EUV}} and {{Soft X-Ray Observations}}},
  author = {Jordan, C.},
  year = {1975},
  journal = {Solar Gamma-, X-, and EUV Radiation},
  volume = {68},
  pages = {109},
  url = {https://ui.adsabs.harvard.edu/#abs/1975IAUS...68..109J/abstract},
  urldate = {2018-09-29},
  langid = {english}
}

@article{ko_correlation_2016,
  title = {Correlation of {{Coronal Plasma Properties}} and {{Solar Magnetic Field}} in a {{Decaying Active Region}}},
  author = {Ko, Yuan-Kuen and Young, Peter R. and Muglach, Karin and Warren, Harry P. and {Ugarte-Urra}, Ignacio},
  year = {2016},
  month = aug,
  journal = {The Astrophysical Journal},
  volume = {826},
  pages = {126},
  publisher = {IOP},
  issn = {0004-637X},
  doi = {10.3847/0004-637X/826/2/126},
  url = {https://ui.adsabs.harvard.edu/abs/2016ApJ...826..126K},
  urldate = {2024-07-22},
  annotation = {ADS Bibcode: 2016ApJ...826..126K}
}

@article{testa_coronal_2023,
  title = {Coronal {{Abundances}} in an {{Active Region}}: {{Evolution}} and {{Underlying Chromospheric}} and {{Transition Region Properties}}},
  shorttitle = {Coronal {{Abundances}} in an {{Active Region}}},
  author = {Testa, Paola and {Mart{\'i}nez-Sykora}, Juan and De Pontieu, Bart},
  year = {2023},
  month = feb,
  journal = {The Astrophysical Journal},
  volume = {944},
  pages = {117},
  publisher = {IOP},
  issn = {0004-637X},
  doi = {10.3847/1538-4357/acb343},
  url = {https://ui.adsabs.harvard.edu/abs/2023ApJ...944..117T},
  urldate = {2024-07-22},
  annotation = {ADS Bibcode: 2023ApJ...944..117T}
}

@article{the_sunpy_community_sunpy_2020,
  title = {The {{SunPy Project}}: {{Open Source Development}} and {{Status}} of the {{Version}} 1.0 {{Core Package}}},
  shorttitle = {The {{SunPy Project}}},
  author = {{The SunPy Community} and Barnes, Will T. and Bobra, Monica G. and Christe, Steven D. and Freij, Nabil and Hayes, Laura A. and Ireland, Jack and Mumford, Stuart and {Perez-Suarez}, David and Ryan, Daniel F. and Shih, Albert Y. and Chanda, Prateek and Glogowski, Kolja and Hewett, Russell and Hughitt, V. Keith and Hill, Andrew and Hiware, Kaustubh and Inglis, Andrew and Kirk, Michael S. F. and Konge, Sudarshan and Mason, James Paul and Maloney, Shane Anthony and Murray, Sophie A. and Panda, Asish and Park, Jongyeob and Pereira, Tiago M. D. and Reardon, Kevin and Savage, Sabrina and Sip{\H o}cz, Brigitta M. and Stansby, David and Jain, Yash and Taylor, Garrison and Yadav, Tannmay and {Rajul} and Dang, Trung Kien},
  year = {2020},
  month = feb,
  journal = {ApJ},
  volume = {890},
  pages = {68},
  doi = {10.3847/1538-4357/ab4f7a},
  url = {http://adsabs.harvard.edu/abs/2020ApJ...890...68S},
  urldate = {2020-09-21}
}

@article{ugarte-urra_determining_2014,
  title = {Determining {{Heating Timescales}} in {{Solar Active Region Cores}} from {{AIA}}/{{SDO Fe XVIII Images}}},
  author = {{Ugarte-Urra}, Ignacio and Warren, Harry P.},
  year = {2014},
  month = mar,
  journal = {ApJ},
  volume = {783},
  pages = {12},
  issn = {0004-637X},
  doi = {10.1088/0004-637X/783/1/12},
  url = {http://adsabs.harvard.edu/abs/2014ApJ...783...12U},
  urldate = {2014-07-21}
}

@article{ugarte-urra_is_2012,
  title = {Is {{Active Region Core Variability Age Dependent}}?},
  author = {{Ugarte-Urra}, Ignacio and Warren, Harry P.},
  year = {2012},
  month = dec,
  journal = {ApJ},
  volume = {761},
  pages = {21},
  issn = {0004-637X},
  doi = {10.1088/0004-637X/761/1/21},
  url = {http://adsabs.harvard.edu/abs/2012ApJ...761...21U},
  urldate = {2014-07-25}
}

@article{viall_evidence_2012,
  title = {Evidence for {{Widespread Cooling}} in an {{Active Region Observed}} with the {{SDO Atmospheric Imaging Assembly}}},
  author = {Viall, Nicholeen M. and Klimchuk, James A.},
  year = {2012},
  month = jul,
  journal = {ApJ},
  volume = {753},
  pages = {35},
  issn = {0004-637X},
  doi = {10.1088/0004-637X/753/1/35},
  url = {http://adsabs.harvard.edu/abs/2012ApJ...753...35V},
  urldate = {2014-09-18}
}

@article{warren_evidence_2010,
  title = {Evidence for {{Steady Heating}}: {{Observations}} of an {{Active Region Core}} with {{Hinode}} and {{TRACE}}},
  shorttitle = {Evidence for {{Steady Heating}}},
  author = {Warren, Harry P. and Winebarger, Amy R. and Brooks, David H.},
  year = {2010},
  month = mar,
  journal = {The Astrophysical Journal},
  volume = {711},
  pages = {228--238},
  issn = {0004-637X},
  doi = {10.1088/0004-637X/711/1/228},
  url = {http://adsabs.harvard.edu/abs/2010ApJ...711..228W},
  urldate = {2019-02-28}
}

@article{warren_evolving_2003,
  title = {Evolving {{Active Region Loops Observed}} with the {{Transition Region}} and {{Coronal}} Explorer. {{II}}. {{Time-dependent Hydrodynamic Simulations}}},
  author = {Warren, Harry P. and Winebarger, Amy R. and Mariska, John T.},
  year = {2003},
  month = aug,
  journal = {ApJ},
  volume = {593},
  pages = {1174--1186},
  issn = {0004-637X},
  doi = {10.1086/376678},
  url = {http://adsabs.harvard.edu/abs/2003ApJ...593.1174W},
  urldate = {2018-08-09}
}

@article{weberg_eispac_2023,
  title = {{{EISPAC}} - {{The EIS Python Analysis Code}}},
  author = {Weberg, Micah J. and Warren, Harry P. and Crump, Nicholas and Barnes, Will},
  year = {2023},
  month = may,
  journal = {JOSS},
  volume = {8},
  number = {85},
  pages = {4914},
  issn = {2475-9066},
  doi = {10.21105/joss.04914},
  url = {https://joss.theoj.org/papers/10.21105/joss.04914},
  urldate = {2023-06-06},
  langid = {english}
}
